@article{Denner:2016wet,
      author         = "Denner, Ansgar and Lang, Jean-Nicolas and Pellen, Mathieu
                        and Uccirati, Sandro",
      title          = "{Higgs production in association with off-shell
                        top-antitop pairs at NLO EW and QCD at the LHC}",
      journal        = "JHEP",
      volume         = "02",
      year           = "2017",
      pages          = "053",
      doi            = "10.1007/JHEP02(2017)053",
      eprint         = "1612.07138",
      archivePrefix  = "arXiv",
      primaryClass   = "hep-ph",
      SLACcitation   = "%%CITATION = ARXIV:1612.07138;%%"
}

@article{Denner:2015yca,
      author         = "Denner, Ansgar and Feger, Robert",
      title          = "{NLO QCD corrections to off-shell top-antitop production
                        with leptonic decays in association with a Higgs boson at
                        the LHC}",
      journal        = "JHEP",
      volume         = "11",
      year           = "2015",
      pages          = "209",
      doi            = "10.1007/JHEP11(2015)209",
      eprint         = "1506.07448",
      archivePrefix  = "arXiv",
      primaryClass   = "hep-ph",
      SLACcitation   = "%%CITATION = ARXIV:1506.07448;%%"
}

@article{Cahn:1983ip,
      author         = "Cahn, R. N. and Dawson, Sally",
      title          = "{Production of Very Massive Higgs Bosons}",
      journal        = "Phys. Lett.",
      volume         = "136B",
      year           = "1984",
      pages          = "196",
      doi            = "10.1016/0370-2693(84)91180-8",
      note           = "[Erratum: Phys. Lett.138B,464(1984)]",
      reportNumber   = "LBL-16976",
      SLACcitation   = "%%CITATION = PHLTA,136B,196;%%"
}

@article{Duncan:1985vj,
      author         = "Duncan, Malcolm J. and Kane, Gordon L. and Repko, W. W.",
      title          = "{W W Physics at Future Colliders}",
      journal        = "Nucl. Phys.",
      volume         = "B272",
      year           = "1986",
      pages          = "517-559",
      doi            = "10.1016/0550-3213(86)90234-8",
      reportNumber   = "UM TH 85-18",
      SLACcitation   = "%%CITATION = NUPHA,B272,517;%%"
}

@article{Dawson:1984gx,
      author         = "Dawson, Sally",
      title          = "{The Effective W Approximation}",
      journal        = "Nucl. Phys.",
      volume         = "B249",
      year           = "1985",
      pages          = "42-60",
      doi            = "10.1016/0550-3213(85)90038-0",
      reportNumber   = "LBL-17497",
      SLACcitation   = "%%CITATION = NUPHA,B249,42;%%"
}

@article{Berends:1994pv,
      author         = "Berends, Frits A. and Pittau, R. and Kleiss, R.",
      title          = "{All electroweak four fermion processes in electron -
                        positron collisions}",
      journal        = "Nucl. Phys.",
      volume         = "B424",
      year           = "1994",
      pages          = "308-342",
      doi            = "10.1016/0550-3213(94)90297-6",
      eprint         = "hep-ph/9404313",
      archivePrefix  = "arXiv",
      primaryClass   = "hep-ph",
      reportNumber   = "INLO-PUB-1-94, NIKHEF-H-94-08",
      SLACcitation   = "%%CITATION = HEP-PH/9404313;%%"
}

@inproceedings{Anders:2018gfr,
      author         = "Anders, Christoph Falk and others",
      title          = "{VBSCan Split 2017 Workshop Summary}",
      year           = "2018",
      eprint         = "1801.04203",
      archivePrefix  = "arXiv",
      primaryClass   = "hep-ph",
      reportNumber   = "VBSCAN-PUB-01-17",
      SLACcitation   = "%%CITATION = ARXIV:1801.04203;%%"
}

@article{Artoisenet:2012st,
      author         = "Artoisenet, Pierre and Frederix, Rikkert and Mattelaer,
                        Olivier and Rietkerk, Robbert",
      title          = "{Automatic spin-entangled decays of heavy resonances in
                        Monte Carlo simulations}",
      journal        = "JHEP",
      volume         = "03",
      year           = "2013",
      pages          = "015",
      doi            = "10.1007/JHEP03(2013)015",
      eprint         = "1212.3460",
      archivePrefix  = "arXiv",
      primaryClass   = "hep-ph",
      reportNumber   = "NIKHEF-2012-021, CERN-PH-TH-2012-329",
      SLACcitation   = "%%CITATION = ARXIV:1212.3460;%%"
}

@article{Skands:2014pea,
      author         = "Skands, Peter and Carrazza, Stefano and Rojo, Juan",
      title          = "{Tuning PYTHIA 8.1: the Monash 2013 Tune}",
      journal        = "Eur. Phys. J.",
      volume         = "C74",
      year           = "2014",
      number         = "8",
      pages          = "3024",
      doi            = "10.1140/epjc/s10052-014-3024-y",
      eprint         = "1404.5630",
      archivePrefix  = "arXiv",
      primaryClass   = "hep-ph",
      reportNumber   = "CERN-PH-TH-2014-069, MCNET-14-08, OUTP-14-05P",
      SLACcitation   = "%%CITATION = ARXIV:1404.5630;%%"
}

@article{Nason:2004rx,
      author         = "Nason, Paolo",
      title          = "{A New method for combining NLO QCD with shower Monte
                        Carlo algorithms}",
      journal        = "JHEP",
      volume         = "11",
      year           = "2004",
      pages          = "040",
      doi            = "10.1088/1126-6708/2004/11/040",
      eprint         = "hep-ph/0409146",
      archivePrefix  = "arXiv",
      primaryClass   = "hep-ph",
      reportNumber   = "BICOCCA-FT-04-11",
      SLACcitation   = "%%CITATION = HEP-PH/0409146;%%"
}

@article{Bellm:2013hwb,
      author         = "Bellm, J. and others",
      title          = "{Herwig++ 2.7 Release Note}",
      year           = "2013",
      eprint         = "1310.6877",
      archivePrefix  = "arXiv",
      primaryClass   = "hep-ph",
      reportNumber   = "IPPP-13-88, MCNET-13-15, DCPT-13-176, DESY-13-186,
                        KA-TP-31-2013, --ZU-TH-23-13",
      SLACcitation   = "%%CITATION = ARXIV:1310.6877;%%"
}

@article{Bahr:2008pv,
      author         = "Bahr, M. and others",
      title          = "{Herwig++ Physics and Manual}",
      journal        = "Eur. Phys. J.",
      volume         = "C58",
      year           = "2008",
      pages          = "639-707",
      doi            = "10.1140/epjc/s10052-008-0798-9",
      eprint         = "0803.0883",
      archivePrefix  = "arXiv",
      primaryClass   = "hep-ph",
      reportNumber   = "CERN-PH-TH-2008-038, CAVENDISH-HEP-08-03, KA-TP-05-2008,
                        DCPT-08-22, IPPP-08-11, CP3-08-05",
      SLACcitation   = "%%CITATION = ARXIV:0803.0883;%%"
}

@article{Sjostrand:2014zea,
      author         = "Sj{\"o}strand, Torbj{\"o}rn and Ask, Stefan and Christiansen,
                        Jesper R. and Corke, Richard and Desai, Nishita and Ilten,
                        Philip and Mrenna, Stephen and Prestel, Stefan and
                        Rasmussen, Christine O. and Skands, Peter Z.",
      title          = "{An Introduction to PYTHIA 8.2}",
      journal        = "Comput. Phys. Commun.",
      volume         = "191",
      year           = "2015",
      pages          = "159-177",
      doi            = "10.1016/j.cpc.2015.01.024",
      eprint         = "1410.3012",
      archivePrefix  = "arXiv",
      primaryClass   = "hep-ph",
      reportNumber   = "LU-TP-14-36, MCNET-14-22, CERN-PH-TH-2014-190,
                        FERMILAB-PUB-14-316-CD, DESY-14-178, SLAC-PUB-16122",
      SLACcitation   = "%%CITATION = ARXIV:1410.3012;%%"
}

@article{Frixione:2002ik,
      author         = "Frixione, Stefano and Webber, Bryan R.",
      title          = "{Matching NLO QCD computations and parton shower
                        simulations}",
      journal        = "JHEP",
      volume         = "06",
      year           = "2002",
      pages          = "029",
      doi            = "10.1088/1126-6708/2002/06/029",
      eprint         = "hep-ph/0204244",
      archivePrefix  = "arXiv",
      primaryClass   = "hep-ph",
      reportNumber   = "CAVENDISH-HEP-02-01, LAPTH-905-02, GEF-TH-2-2002",
      SLACcitation   = "%%CITATION = HEP-PH/0204244;%%"
}

@article{Kilian:2007gr,
      author         = "Kilian, Wolfgang and Ohl, Thorsten and Reuter, Jurgen",
      title          = "{WHIZARD: Simulating Multi-Particle Processes at LHC and
                        ILC}",
      journal        = "Eur. Phys. J.",
      volume         = "C71",
      year           = "2011",
      pages          = "1742",
      doi            = "10.1140/epjc/s10052-011-1742-y",
      eprint         = "0708.4233",
      archivePrefix  = "arXiv",
      primaryClass   = "hep-ph",
      reportNumber   = "DESY-11-126, EDINBURGH-2010-36, FR-PHENO-2010-037,
                        SI-HEP-2010-18",
      SLACcitation   = "%%CITATION = ARXIV:0708.4233;%%"
}

@article{Moretti:2001zz,
      author         = "Moretti, Mauro and Ohl, Thorsten and Reuter, Jurgen",
      title          = "{O'Mega: An Optimizing matrix element generator}",
      year           = "2001",
      pages          = "1981-2009",
      eprint         = "hep-ph/0102195",
      archivePrefix  = "arXiv",
      primaryClass   = "hep-ph",
      reportNumber   = "IKDA-2001-06, LC-TOOL-2001-040",
      SLACcitation   = "%%CITATION = HEP-PH/0102195;%%"
}


@article{Arnold:2008rz,
      author         = "Arnold, K. and others",
      title          = "{VBFNLO: A Parton level Monte Carlo for processes with
                        electroweak bosons}",
      journal        = "Comput. Phys. Commun.",
      volume         = "180",
      year           = "2009",
      pages          = "1661-1670",
      doi            = "10.1016/j.cpc.2009.03.006",
      eprint         = "0811.4559",
      archivePrefix  = "arXiv",
      primaryClass   = "hep-ph",
      reportNumber   = "KA-TP-31-2008, SFB-CPP-08-95",
      SLACcitation   = "%%CITATION = ARXIV:0811.4559;%%"
}


@article{Arnold:2011wj,
      author         = "Arnold, K. and others",
      title          = "{VBFNLO: A Parton Level Monte Carlo for Processes with
                        Electroweak Bosons -- Manual for Version 2.5.0}",
      year           = "2011",
      eprint         = "1107.4038",
      archivePrefix  = "arXiv",
      primaryClass   = "hep-ph",
      reportNumber   = "KA-TP-15-2011, FTUV-11-0730, WUB-11-06,
                        FR-PHENO-2011-012, MZ-TH-11-19, CERN-PH-TH-2011-1,
                        LPN11-40, DESY-11-125, TTK-10-51, --MZ-TH-11-19,
                        CERN-PH-TH-2011-173, --MAN-HEP-2014-02",
      SLACcitation   = "%%CITATION = ARXIV:1107.4038;%%"
}

@article{Alioli:2010xd,
      author         = "Alioli, Simone and Nason, Paolo and Oleari, Carlo and Re,
                        Emanuele",
      title          = "{A general framework for implementing NLO calculations in
                        shower Monte Carlo programs: the POWHEG BOX}",
      journal        = "JHEP",
      volume         = "06",
      year           = "2010",
      pages          = "043",
      doi            = "10.1007/JHEP06(2010)043",
      eprint         = "1002.2581",
      archivePrefix  = "arXiv",
      primaryClass   = "hep-ph",
      reportNumber   = "DESY-10-018, SFB-CPP-10-22, IPPP-10-11, DCPT-10-22",
      SLACcitation   = "%%CITATION = ARXIV:1002.2581;%%"
}

@article{Biedermann:2017bss,
      author         = "Biedermann, Benedikt and Denner, Ansgar and Pellen,
                        Mathieu",
      title          = "{Complete NLO corrections to W$^{+}$W$^{+}$ scattering
                        and its irreducible background at the LHC}",
      journal        = "JHEP",
      volume         = "10",
      year           = "2017",
      pages          = "124",
      doi            = "10.1007/JHEP10(2017)124",
      eprint         = "1708.00268",
      archivePrefix  = "arXiv",
      primaryClass   = "hep-ph",
      SLACcitation   = "%%CITATION = ARXIV:1708.00268;%%"
}

@article{Frixione:2007vw,
      author         = "Frixione, Stefano and Nason, Paolo and Oleari, Carlo",
      title          = "{Matching NLO QCD computations with Parton Shower
                        simulations: the POWHEG method}",
      journal        = "JHEP",
      volume         = "11",
      year           = "2007",
      pages          = "070",
      doi            = "10.1088/1126-6708/2007/11/070",
      eprint         = "0709.2092",
      archivePrefix  = "arXiv",
      primaryClass   = "hep-ph",
      reportNumber   = "BICOCCA-FT-07-9, GEF-TH-21-2007",
      SLACcitation   = "%%CITATION = ARXIV:0709.2092;%%"
}

@article{Cascioli:2011va,
      author         = "Cascioli, Fabio and Maierh{\"o}fer, Philipp and Pozzorini,
                        Stefano",
      title          = "{Scattering Amplitudes with Open Loops}",
      journal        = "Phys. Rev. Lett.",
      volume         = "108",
      year           = "2012",
      pages          = "111601",
      doi            = "10.1103/PhysRevLett.108.111601",
      eprint         = "1111.5206",
      archivePrefix  = "arXiv",
      primaryClass   = "hep-ph",
      reportNumber   = "ZU-TH-23-11, LPN11-66",
      SLACcitation   = "%%CITATION = ARXIV:1111.5206;%%"
}

@article{Ossola:2007ax,
      author         = "Ossola, Giovanni and Papadopoulos, Costas G. and Pittau,
                        Roberto",
      title          = "{CutTools: A Program implementing the OPP reduction
                        method to compute one-loop amplitudes}",
      journal        = "JHEP",
      volume         = "03",
      year           = "2008",
      pages          = "042",
      doi            = "10.1088/1126-6708/2008/03/042",
      eprint         = "0711.3596",
      archivePrefix  = "arXiv",
      primaryClass   = "hep-ph",
      SLACcitation   = "%%CITATION = ARXIV:0711.3596;%%"
}

@article{Hirschi:2016mdz,
      author         = "Hirschi, Valentin and Peraro, Tiziano",
      title          = "{Tensor integrand reduction via Laurent expansion}",
      journal        = "JHEP",
      volume         = "06",
      year           = "2016",
      pages          = "060",
      doi            = "10.1007/JHEP06(2016)060",
      eprint         = "1604.01363",
      archivePrefix  = "arXiv",
      primaryClass   = "hep-ph",
      reportNumber   = "SLAC-PUB-16503, EDINBURGH-2016-05",
      SLACcitation   = "%%CITATION = ARXIV:1604.01363;%%"
}
@article{Peraro:2014cba,
      author         = "Peraro, Tiziano",
      title          = "{Ninja: Automated Integrand Reduction via Laurent
                        Expansion for One-Loop Amplitudes}",
      journal        = "Comput. Phys. Commun.",
      volume         = "185",
      year           = "2014",
      pages          = "2771-2797",
      doi            = "10.1016/j.cpc.2014.06.017",
      eprint         = "1403.1229",
      archivePrefix  = "arXiv",
      primaryClass   = "hep-ph",
      reportNumber   = "MPP-2014-50",
      SLACcitation   = "%%CITATION = ARXIV:1403.1229;%%"
}

@article{Davydychev:1991va,
      author         = "Davydychev, Andrei I.",
      title          = "{A Simple formula for reducing Feynman diagrams to scalar
                        integrals}",
      journal        = "Phys. Lett.",
      volume         = "B263",
      year           = "1991",
      pages          = "107-111",
      doi            = "10.1016/0370-2693(91)91715-8",
      reportNumber   = "MSU-91-10-214",
      SLACcitation   = "%%CITATION = PHLTA,B263,107;%%"
}

@article{Mastrolia:2012bu,
      author         = "Mastrolia, Pierpaolo and Mirabella, Edoardo and Peraro,
                        Tiziano",
      title          = "{Integrand reduction of one-loop scattering amplitudes
                        through Laurent series expansion}",
      journal        = "JHEP",
      volume         = "06",
      year           = "2012",
      pages          = "095",
      doi            = "10.1007/JHEP11(2012)128, 10.1007/JHEP06(2012)095",
      note           = "[Erratum: JHEP11,128(2012)]",
      eprint         = "1203.0291",
      archivePrefix  = "arXiv",
      primaryClass   = "hep-ph",
      reportNumber   = "MPI-2012-51",
      SLACcitation   = "%%CITATION = ARXIV:1203.0291;%%"
}

@article{Ossola:2006us,
      author         = "Ossola, Giovanni and Papadopoulos, Costas G. and Pittau,
                        Roberto",
      title          = "{Reducing full one-loop amplitudes to scalar integrals at
                        the integrand level}",
      journal        = "Nucl. Phys.",
      volume         = "B763",
      year           = "2007",
      pages          = "147-169",
      doi            = "10.1016/j.nuclphysb.2006.11.012",
      eprint         = "hep-ph/0609007",
      archivePrefix  = "arXiv",
      primaryClass   = "hep-ph",
      SLACcitation   = "%%CITATION = HEP-PH/0609007;%%"
}

@article{ShaoIREGI,
 author         = "H.-S. Shao",
 title=  "Iregi user manual, unpublished"
}

@article{Frederix:2016rdc,
      author         = "Frederix, Rikkert and Frixione, Stefano and
                        Papanastasiou, Andrew S. and Prestel, Stefan and
                        Torrielli, Paolo",
      title          = "{Off-shell single-top production at NLO matched to parton
                        showers}",
      journal        = "JHEP",
      volume         = "06",
      year           = "2016",
      pages          = "027",
      doi            = "10.1007/JHEP06(2016)027",
      eprint         = "1603.01178",
      archivePrefix  = "arXiv",
      primaryClass   = "hep-ph",
      reportNumber   = "CAVENDISH-HEP-16-03, TUM-HEP-1037-16",
      SLACcitation   = "%%CITATION = ARXIV:1603.01178;%%"
}

@article{Frederix:2009yq,
      author         = "Frederix, Rikkert and Frixione, Stefano and Maltoni,
                        Fabio and Stelzer, Tim",
      title          = "{Automation of next-to-leading order computations in QCD:
                        The FKS subtraction}",
      journal        = "JHEP",
      volume         = "10",
      year           = "2009",
      pages          = "003",
      doi            = "10.1088/1126-6708/2009/10/003",
      eprint         = "0908.4272",
      archivePrefix  = "arXiv",
      primaryClass   = "hep-ph",
      reportNumber   = "CERN-TH-2009-157, CP3-09-39",
      SLACcitation   = "%%CITATION = ARXIV:0908.4272;%%"
}

@article{Frixione:1997np,
      author         = "Frixione, S.",
      title          = "{A General approach to jet cross-sections in QCD}",
      journal        = "Nucl. Phys.",
      volume         = "B507",
      year           = "1997",
      pages          = "295-314",
      doi            = "10.1016/S0550-3213(97)00574-9",
      eprint         = "hep-ph/9706545",
      archivePrefix  = "arXiv",
      primaryClass   = "hep-ph",
      reportNumber   = "ETH-TH-97-14",
      SLACcitation   = "%%CITATION = HEP-PH/9706545;%%"
} 

@article{Frixione:1995ms,
      author         = "Frixione, S. and Kunszt, Z. and Signer, A.",
      title          = "{Three jet cross-sections to next-to-leading order}",
      journal        = "Nucl. Phys.",
      volume         = "B467",
      year           = "1996",
      pages          = "399-442",
      doi            = "10.1016/0550-3213(96)00110-1",
      eprint         = "hep-ph/9512328",
      archivePrefix  = "arXiv",
      primaryClass   = "hep-ph",
      reportNumber   = "SLAC-PUB-7073, SLAC-PUB-95-7073, ETH-TH-95-42",
      SLACcitation   = "%%CITATION = HEP-PH/9512328;%%"
}

@article{Dittmaier:2002ap,
      author         = "Dittmaier, Stefan and Roth, Markus",
      title          = "{LUSIFER: A LUcid approach to six FERmion production}",
      journal        = "Nucl. Phys.",
      volume         = "B642",
      year           = "2002",
      pages          = "307-343",
      doi            = "10.1016/S0550-3213(02)00640-5",
      eprint         = "hep-ph/0206070",
      archivePrefix  = "arXiv",
      primaryClass   = "hep-ph",
      reportNumber   = "DESY-02-081, KA-TP-10-2002",
      SLACcitation   = "%%CITATION = HEP-PH/0206070;%%"
}

@article{CMS:2017adb,
      title          = "{Observation of electroweak production of same-sign W
                        boson pairs in the two jet and two same-sign lepton final
                        state in proton-proton collisions at 13 TeV}",
      collaboration  = "CMS",
      reportNumber   = "CMS-PAS-SMP-17-004",
      note           = "CMS-PAS-SMP-17-004",
      year           = "2017",
      institution    = "CERN"
}


@Article{Denner:2002ii,
     author    = "Denner, A. and Dittmaier, S.",
     title     = "Reduction of one-loop tensor 5-point integrals",
     journal   = "Nucl. Phys.",
     volume    = "B658",
     year      = "2003",
     pages     = "175-202",
     eprint    = "hep-ph/0212259",
     SLACcitation  = "%%CITATION = HEP-PH 0212259;%%"
}

@Article{Denner:2005nn,
author    = "Denner, A. and Dittmaier, S.",
title     = "Reduction schemes for one-loop tensor integrals",
journal   = "Nucl. Phys.",
volume    = "B734",
year      = "2006",
pages     = "62-115",
eprint    = "hep-ph/0509141",
SLACcitation  = "%%CITATION = HEP-PH 0509141;%%"
}

@Article{Denner:2005fg,
     author    = "Denner, Ansgar and others",
     title     = "{Electroweak corrections to charged-current $e^+ e^-\to 4\,$
                  fermion  processes: Technical details and further
                  results}",
     journal   = "Nucl. Phys.",
     volume    = "B724",
     year      = "2005",
     pages     = "247-294",
     eprint    = "hep-ph/0505042",
     archivePrefix = "arXiv",
     doi       = "10.1016/j.nuclphysb.2005.06.033",
     SLACcitation  = "%%CITATION = HEP-PH/0505042;%%"
}

@Article{Denner:2005es,
     author    = "Denner, Ansgar and others",
     title     = "{Complete electroweak $O(\alpha)$ corrections to charged-
                  current $e^+ e^-\to  4\,$fermion processes}",
     journal   = "Phys. Lett.",
     volume    = "B612",
     year      = "2005",
     pages     = "223-232",
     eprint    = "hep-ph/0502063",
     archivePrefix = "arXiv",
     doi       = "10.1016/j.physletb.2005.03.007",
     SLACcitation  = "%%CITATION = HEP-PH/0502063;%%"
}

@Article{Dittmaier:1999mb,
     author    = "Dittmaier, Stefan",
     title     = "{A general approach to photon radiation off fermions}",
     journal   = "Nucl. Phys.",
     volume    = "B565",
     year      = "2000",
     pages     = "69-122",
     eprint    = "hep-ph/9904440",
     archivePrefix = "arXiv",
     doi       = "10.1016/S0550-3213(99)00563-5",
     SLACcitation  = "%%CITATION = HEP-PH/9904440;%%"
}

@Article{Denner:1999gp,
     author    = "Denner, Ansgar and others",
     title     = "{Predictions for all processes $e^+ e^-\to4\,$fermions ${}+
                  \gamma$}",
     journal   = "Nucl. Phys.",
     volume    = "B560",
     year      = "1999",
     pages     = "33-65",
     eprint    = "hep-ph/9904472",
     archivePrefix = "arXiv",
     doi       = "10.1016/S0550-3213(99)00437-X",
     SLACcitation  = "%%CITATION = HEP-PH/9904472;%%"
}

@article{Dittmaier:2008md,
      author         = "Dittmaier, Stefan and Kabelschacht, Alois and Kasprzik,
                        Tobias",
      title          = "{Polarized QED splittings of massive fermions and dipole
                        subtraction for non-collinear-safe observables}",
      journal        = "Nucl. Phys.",
      volume         = "B800",
      year           = "2008",
      pages          = "146-189",
      doi            = "10.1016/j.nuclphysb.2008.03.010",
      eprint         = "0802.1405",
      archivePrefix  = "arXiv",
      primaryClass   = "hep-ph",
      reportNumber   = "MPP-2008-4",
      SLACcitation   = "%%CITATION = ARXIV:0802.1405;%%"
}

@article{Denner:2010tr,
      author         = "Denner, A. and Dittmaier, S.",
      title          = "{Scalar one-loop 4-point integrals}",
      journal        = "Nucl. Phys.",
      volume         = "B844",
      year           = "2011",
      pages          = "199-242",
      doi            = "10.1016/j.nuclphysb.2010.11.002",
      eprint         = "1005.2076",
      archivePrefix  = "arXiv",
      primaryClass   = "hep-ph",
      reportNumber   = "FR-PHENO-2010-020, PSI-PR-10-10",
      SLACcitation   = "%%CITATION = ARXIV:1005.2076;%%"
}

@article{Bierweiler:2013dja,
      author         = "Bierweiler, Anastasiya and Kasprzik, Tobias and {K\"uhn},
                        Johann H.",
      title          = "{Vector-boson pair production at the LHC to
                        $\mathcal{O}(\alpha^3)$ accuracy}",
      journal        = "JHEP",
      volume         = "12",
      year           = "2013",
      pages          = "071",
      doi            = "10.1007/JHEP12(2013)071",
      eprint         = "1305.5402",
      archivePrefix  = "arXiv",
      primaryClass   = "hep-ph",
      SLACcitation   = "%%CITATION = ARXIV:1305.5402;%%"
}


@article{Ball:2013hta,
      author         = "Ball, Richard D. and others",
      title          = "{Parton distributions with QED corrections}",
      collaboration  = "NNPDF",
      journal        = "Nucl. Phys.",
      volume         = "B877",
      year           = "2013",
      pages          = "290-320",
      doi            = "10.1016/j.nuclphysb.2013.10.010",
      eprint         = "1308.0598",
      archivePrefix  = "arXiv",
      primaryClass   = "hep-ph",
      reportNumber   = "EDINBURGH-2013-20, IFUM-1014-FT, FR-PHENO-2013-008,
                        CERN-PH-TH-2013-075",
      SLACcitation   = "%%CITATION = ARXIV:1308.0598;%%"
}

@article{Nason:2006hfa,
      author         = "Nason, Paolo and Ridolfi, Giovanni",
      title          = "{A Positive-weight next-to-leading-order Monte Carlo for
                        Z pair hadroproduction}",
      journal        = "JHEP",
      volume         = "08",
      year           = "2006",
      pages          = "077",
      doi            = "10.1088/1126-6708/2006/08/077",
      eprint         = "hep-ph/0606275",
      archivePrefix  = "arXiv",
      primaryClass   = "hep-ph",
      reportNumber   = "BICOCCA-FT-06-11, GEF-TH-1-2006",
      SLACcitation   = "%%CITATION = HEP-PH/0606275;%%"
}

@article{Hamilton:2010mb,
      author         = "Hamilton, Keith",
      title          = "{A positive-weight next-to-leading order simulation of
                        weak boson pair production}",
      journal        = "JHEP",
      volume         = "01",
      year           = "2011",
      pages          = "009",
      doi            = "10.1007/JHEP01(2011)009",
      eprint         = "1009.5391",
      archivePrefix  = "arXiv",
      primaryClass   = "hep-ph",
      reportNumber   = "MCNET-10-18",
      SLACcitation   = "%%CITATION = ARXIV:1009.5391;%%"
}

@article{Hoche:2010pf,
      author         = "H{\"o}che, Stefan and others",
      title          = "{Automating the POWHEG method in Sherpa}",
      journal        = "JHEP",
      volume         = "04",
      year           = "2011",
      pages          = "024",
      doi            = "10.1007/JHEP04(2011)024",
      eprint         = "1008.5399",
      archivePrefix  = "arXiv",
      primaryClass   = "hep-ph",
      reportNumber   = "ZU-TH-12-10, IPPP-10-72, DCPT-10-144,
                        CERN-PH-TH-2010-194, MCNET-10-16",
      SLACcitation   = "%%CITATION = ARXIV:1008.5399;%%"
}

@article{Melia:2011tj,
      author         = "Melia, Tom and others",
      title          = "{$W^+W^-$, $WZ$ and $ZZ$ production in the POWHEG BOX}",
      journal        = "JHEP",
      volume         = "11",
      year           = "2011",
      pages          = "078",
      doi            = "10.1007/JHEP11(2011)078",
      eprint         = "1107.5051",
      archivePrefix  = "arXiv",
      primaryClass   = "hep-ph",
      SLACcitation   = "%%CITATION = ARXIV:1107.5051;%%"
}


@article{Frederix:2011ss,
      author         = "Frederix, Rikkert and others",
      title          = "{Four-lepton production at hadron colliders: aMC@NLO
                        predictions with theoretical uncertainties}",
      journal        = "JHEP",
      volume         = "02",
      year           = "2012",
      pages          = "099",
      doi            = "10.1007/JHEP02(2012)099",
      eprint         = "1110.4738",
      archivePrefix  = "arXiv",
      primaryClass   = "hep-ph",
      reportNumber   = "CERN-PH-TH-2011-250, CP3-11-32, ZU-TH-19-11,
                        NSF-KITP-11-115",
      SLACcitation   = "%%CITATION = ARXIV:1110.4738;%%"
}

@article{Cascioli:2013gfa,
      author         = "Cascioli, F. and others",
      title          = "{Precise Higgs-background predictions: merging NLO QCD
                        and squared quark-loop corrections to four-lepton + 0,1
                        jet production}",
      journal        = "JHEP",
      volume         = "01",
      year           = "2014",
      pages          = "046",
      doi            = "10.1007/JHEP01(2014)046",
      eprint         = "1309.0500",
      archivePrefix  = "arXiv",
      primaryClass   = "hep-ph",
      reportNumber   = "IPPP-13-66, DCPT-13-132, MCNET-13-12, SLAC-PUB-15714,
                        ZU-TH-15-13, LPN13-056, FR-PHENO-2013-007",
      SLACcitation   = "%%CITATION = ARXIV:1309.0500;%%"
}

@article{Gieseke:2014gka,
      author         = "Gieseke, Stefan and Kasprzik, Tobias and {K\"uhn}, Johann
                        H.",
      title          = "{Vector-boson pair production and electroweak corrections
                        in HERWIG++}",
      journal        = "Eur. Phys. J.",
      volume         = "C74",
      year           = "2014",
      number         = "8",
      pages          = "2988",
      doi            = "10.1140/epjc/s10052-014-2988-y",
      eprint         = "1401.3964",
      archivePrefix  = "arXiv",
      primaryClass   = "hep-ph",
      SLACcitation   = "%%CITATION = ARXIV:1401.3964;%%"
}

@article{Denner:2014gla,
      author         = "Denner, Ansgar and Dittmaier, Stefan and Hofer, Lars",
      title          = "{COLLIER - A fortran-library for one-loop integrals}",
      booktitle      = "{Proceedings, 12th DESY Workshop on Elementary Particle
                        Physics: Loops and Legs in Quantum Field Theory (LL2014)}",
      journal        = "PoS",
      volume         = "LL2014",
      year           = "2014",
      pages          = "071",
      eprint         = "1407.0087",
      archivePrefix  = "arXiv",
      primaryClass   = "hep-ph",
      SLACcitation   = "%%CITATION = ARXIV:1407.0087;%%"
}

@article{Actis:2012qn,
      author         = "Actis, S. and others",
      title          = "{Recursive generation of one-loop amplitudes in the
                        Standard Model}",
      journal        = "JHEP",
      volume         = "04",
      year           = "2013",
      pages          = "037",
      doi            = "10.1007/JHEP04(2013)037",
      eprint         = "1211.6316",
      archivePrefix  = "arXiv",
      primaryClass   = "hep-ph",
      reportNumber   = "PSI-PR-12-09",
      SLACcitation   = "%%CITATION = ARXIV:1211.6316;%%"
}

@article{Uccirati:2014fda,
      author         = "Actis, Stefano and others",
      title          = "{Automatizing one-loop computation in the SM with
                        RECOLA}",
      booktitle      = "{Proceedings, 12th DESY Workshop on Elementary Particle
                        Physics: Loops and Legs in Quantum Field Theory (LL2014)}",
      journal        = "PoS",
      volume         = "LL2014",
      year           = "2014",
      pages          = "023",
      SLACcitation   = "%%CITATION = POSCI,LL2014,023;%%"
}

@article{Accomando:2005ra,
      author         = "Accomando, E. and Denner, Ansgar and Meier, C.",
      title          = "{Electroweak corrections to $W \gamma$ and $Z \gamma$
                        production at the LHC}",
      journal        = "Eur. Phys. J.",
      volume         = "C47",
      year           = "2006",
      pages          = "125-146",
      doi            = "10.1140/epjc/s2006-02521-y",
      eprint         = "hep-ph/0509234",
      archivePrefix  = "arXiv",
      primaryClass   = "hep-ph",
      reportNumber   = "PSI-PR-05-09, ZU-TH-18-05, DFTT-30-05",
      SLACcitation   = "%%CITATION = HEP-PH/0509234;%%"
}

@article{Chatrchyan:2013mxa,
      author         = "Chatrchyan, Serguei and others",
      title          = "{Measurement of the properties of a Higgs boson in the
                        four-lepton final state}",
      collaboration  = "CMS",
      journal        = "Phys. Rev.",
      volume         = "D89",
      year           = "2014",
      number         = "9",
      pages          = "092007",
      doi            = "10.1103/PhysRevD.89.092007",
      eprint         = "1312.5353",
      archivePrefix  = "arXiv",
      primaryClass   = "hep-ex",
      reportNumber   = "CMS-HIG-13-002, CERN-PH-EP-2013-220",
      SLACcitation   = "%%CITATION = ARXIV:1312.5353;%%"
}

@article{Aad:2014eva,
      author         = "Aad, Georges and others",
      title          = "{Measurements of Higgs boson production and couplings in
                        the four-lepton channel in pp collisions at center-of-mass
                        energies of 7 and 8 TeV with the ATLAS detector}",
      collaboration  = "ATLAS",
      journal        = "Phys. Rev.",
      volume         = "D91",
      year           = "2015",
      number         = "1",
      pages          = "012006",
      doi            = "10.1103/PhysRevD.91.012006",
      eprint         = "1408.5191",
      archivePrefix  = "arXiv",
      primaryClass   = "hep-ex",
      reportNumber   = "CERN-PH-EP-2014-170",
      SLACcitation   = "%%CITATION = ARXIV:1408.5191;%%"
}

@article{Choi:2002jk,
      author         = "Choi, S. Y. and Miller, D. J. and M{\"u}hlleitner, M. M. and
                        Zerwas, P. M.",
      title          = "{Identifying the Higgs spin and parity in decays to Z
                        pairs}",
      journal        = "Phys. Lett.",
      volume         = "B553",
      year           = "2003",
      pages          = "61-71",
      doi            = "10.1016/S0370-2693(02)03191-X",
      eprint         = "hep-ph/0210077",
      archivePrefix  = "arXiv",
      primaryClass   = "hep-ph",
      reportNumber   = "CERN-TH-2002-231, DESY-02-150, PM-02-26",
      SLACcitation   = "%%CITATION = HEP-PH/0210077;%%"
}

@article{Bredenstein:2006rh,
      author         = "Bredenstein, A. and others",
      title          = "{Precise predictions for the Higgs-boson decay $H\to
                        WW/ZZ\to4\,$ leptons}",
      journal        = "Phys. Rev.",
      volume         = "D74",
      year           = "2006",
      pages          = "013004",
      doi            = "10.1103/PhysRevD.74.013004",
      eprint         = "hep-ph/0604011",
      archivePrefix  = "arXiv",
      primaryClass   = "hep-ph",
      reportNumber   = "MPP-2005-24, PSI-PR-06-05",
      SLACcitation   = "%%CITATION = HEP-PH/0604011;%%"
}

@article{Billoni:2013aba,
      author         = "Billoni, M. and others",
      title          = "{Next-to-leading order electroweak corrections to $pp\to
                        W^+W^-\to4\,$ leptons at the LHC in double-pole
                        approximation}",
      journal        = "JHEP",
      volume         = "12",
      year           = "2013",
      pages          = "043",
      doi            = "10.1007/JHEP12(2013)043",
      eprint         = "1310.1564",
      archivePrefix  = "arXiv",
      primaryClass   = "hep-ph",
      reportNumber   = "FR-PHENO-2013-009, MITP-13-060",
      SLACcitation   = "%%CITATION = ARXIV:1310.1564;%%"
}

@article{Ball:2014uwa,
      author         = "Ball, Richard D. and others",
      title          = "{Parton distributions for the LHC Run II}",
      collaboration  = "NNPDF",
      journal        = "JHEP",
      volume         = "04",
      year           = "2015",
      pages          = "040",
      doi            = "10.1007/JHEP04(2015)040",
      eprint         = "1410.8849",
      archivePrefix  = "arXiv",
      primaryClass   = "hep-ph",
      reportNumber   = "EDINBURGH-2014-15, IFUM-1034-FT, CERN-PH-TH-2013-253,
                        OUTP-14-11P, CAVENDISH-HEP-14-11",
      SLACcitation   = "%%CITATION = ARXIV:1410.8849;%%"
}

@article{Manohar:2016nzj,
      author         = "Manohar, Aneesh and Nason, Paolo and Salam, Gavin P. and
                        Zanderighi, Giulia",
      title          = "{How bright is the proton? A precise determination of the
                        photon parton distribution function}",
      journal        = "Phys. Rev. Lett.",
      volume         = "117",
      year           = "2016",
      number         = "24",
      pages          = "242002",
      doi            = "10.1103/PhysRevLett.117.242002",
      eprint         = "1607.04266",
      archivePrefix  = "arXiv",
      primaryClass   = "hep-ph",
      reportNumber   = "CERN-TH-2016-155",
      SLACcitation   = "%%CITATION = ARXIV:1607.04266;%%"
}

@article{Aad:2014zda,
      author         = "Aad, Georges and others",
      title          = "{Evidence for Electroweak Production of
                        $W^{\pm}W^{\pm}jj$ in $pp$ Collisions at $\sqrt{s}=8$ TeV
                        with the ATLAS Detector}",
      collaboration  = "ATLAS",
      journal        = "Phys. Rev. Lett.",
      volume         = "113",
      year           = "2014",
      number         = "14",
      pages          = "141803",
      doi            = "10.1103/PhysRevLett.113.141803",
      eprint         = "1405.6241",
      archivePrefix  = "arXiv",
      primaryClass   = "hep-ex",
      reportNumber   = "CERN-PH-EP-2014-079",
      SLACcitation   = "%%CITATION = ARXIV:1405.6241;%%"
}

@article{Khachatryan:2014sta,
      author         = "Khachatryan, Vardan and others",
      title          = "{Study of vector boson scattering and search for new
                        physics in events with two same-sign leptons and two
                        jets}",
      collaboration  = "CMS",
      journal        = "Phys. Rev. Lett.",
      volume         = "114",
      year           = "2015",
      number         = "5",
      pages          = "051801",
      doi            = "10.1103/PhysRevLett.114.051801",
      eprint         = "1410.6315",
      archivePrefix  = "arXiv",
      primaryClass   = "hep-ex",
      reportNumber   = "CMS-SMP-13-015, CERN-PH-EP-2014-250",
      SLACcitation   = "%%CITATION = ARXIV:1410.6315;%%"
}

@article{Aaboud:2016ffv,
      author         = "Aaboud, Morad and others",
      title          = "{Measurement of $W^{\pm}W^{\pm}$ vector-boson scattering
                        and limits on anomalous quartic gauge couplings with the
                        ATLAS detector}",
      collaboration  = "ATLAS",
      journal        = "Phys. Rev.",
      volume         = "D96",
      year           = "2017",
      pages          = "012007",
      doi            = "10.1103/PhysRevD.96.012007",
      eprint         = "1611.02428",
      archivePrefix  = "arXiv",
      primaryClass   = "hep-ex",
      reportNumber   = "CERN-EP-2016-167",
      SLACcitation   = "%%CITATION = ARXIV:1611.02428;%%"
}


@article{Cacciari:2008gp,
      author         = "Cacciari, Matteo and Salam, Gavin P. and Soyez, Gregory",
      title          = "{The anti-$k_t$ jet clustering algorithm}",
      journal        = "JHEP",
      volume         = "04",
      year           = "2008",
      pages          = "063",
      doi            = "10.1088/1126-6708/2008/04/063",
      eprint         = "0802.1189",
      archivePrefix  = "arXiv",
      primaryClass   = "hep-ph",
      reportNumber   = "LPTHE-07-03",
      SLACcitation   = "%%CITATION = ARXIV:0802.1189;%%"
}

@article{Campbell:2015vwa,
      author         = "Campbell, John M. and Ellis, R. Keith",
      title          = "{Higgs constraints from vector boson fusion and
                        scattering}",
      journal        = "JHEP",
      volume         = "04",
      year           = "2015",
      pages          = "030",
      doi            = "10.1007/JHEP04(2015)030",
      eprint         = "1502.02990",
      archivePrefix  = "arXiv",
      primaryClass   = "hep-ph",
      reportNumber   = "FERMILAB-PUB-15-030-T",
      SLACcitation   = "%%CITATION = ARXIV:1502.02990;%%"
}

%      author         = "Actis, Stefano and Denner, Ansgar and Hofer, Lars and
%                        Lang, Jean-Nicolas and Scharf, Andreas and Uccirati,
%                        Sandro",
@article{Actis:2016mpe,
       author         = "Actis, Stefano and others",
      title          = "{RECOLA: REcursive Computation of One-Loop Amplitudes}",
      journal        = "Comput. Phys. Commun.",
      volume         = "214",
      year           = "2017",
      pages          = "140-173",
      doi            = "10.1016/j.cpc.2017.01.004",
      eprint         = "1605.01090",
      archivePrefix  = "arXiv",
      primaryClass   = "hep-ph",
      reportNumber   = "ICCUB-16-020",
      SLACcitation   = "%%CITATION = ARXIV:1605.01090;%%"
}

@article{Denner:2016jyo,
      author         = "Denner, Ansgar and Pellen, Mathieu",
      title          = "{NLO electroweak corrections to off-shell top-antitop
                        production with leptonic decays at the LHC}",
      journal        = "JHEP",
      volume         = "08",
      year           = "2016",
      pages          = "155",
      doi            = "10.1007/JHEP08(2016)155",
      eprint         = "1607.05571",
      archivePrefix  = "arXiv",
      primaryClass   = "hep-ph",
      SLACcitation   = "%%CITATION = ARXIV:1607.05571;%%"
}

@article{Biedermann:2016guo,
      author         = "Biedermann, Benedikt and others",
      title          = "{Next-to-leading-order electroweak corrections to $pp \to
                        W^+W^-\to$ 4 leptons at the LHC}",
      journal        = "JHEP",
      volume         = "06",
      year           = "2016",
      pages          = "065",
      doi            = "10.1007/JHEP06(2016)065",
      eprint         = "1605.03419",
      archivePrefix  = "arXiv",
      primaryClass   = "hep-ph",
      reportNumber   = "FR-PHENO-2016-005, ICCUB-16-021",
      SLACcitation   = "%%CITATION = ARXIV:1605.03419;%%"
}

@article{Biedermann:2016yvs,
      author         = "Biedermann, B. and Denner, A. and Dittmaier, S. and
                        Hofer, L. and J{\"a}ger, B.",
      title          = "{Electroweak corrections to $pp \to \mu^+\mu^-e^+e^- + X$
                        at the LHC: a Higgs background study}",
      journal        = "Phys. Rev. Lett.",
      volume         = "116",
      year           = "2016",
      number         = "16",
      pages          = "161803",
      doi            = "10.1103/PhysRevLett.116.161803",
      eprint         = "1601.07787",
      archivePrefix  = "arXiv",
      primaryClass   = "hep-ph",
      reportNumber   = "FR-PHENO-2016-002, ICCUB-16-003",
      SLACcitation   = "%%CITATION = ARXIV:1601.07787;%%"
}

@article{Denner:2016kdg,
      author         = "Denner, Ansgar and Dittmaier, Stefan and Hofer, Lars",
      title          = "{{\sc Collier}: a fortran-based Complex One-Loop LIbrary in
                        Extended Regularizations}",
      journal        = "Comput. Phys. Commun.",
      volume         = "212",
      year           = "2017",
      pages          = "220-238",
      doi            = "10.1016/j.cpc.2016.10.013",
      eprint         = "1604.06792",
      archivePrefix  = "arXiv",
      primaryClass   = "hep-ph",
      reportNumber   = "FR-PHENO-2016-003, ICCUB-16-016",
      SLACcitation   = "%%CITATION = ARXIV:1604.06792;%%"
}

@article{Catani:1996vz,
      author         = "Catani, S. and Seymour, M. H.",
      title          = "{A general algorithm for calculating jet cross-sections
                        in NLO QCD}",
      journal        = "Nucl. Phys.",
      volume         = "B485",
      year           = "1997",
      pages          = "291-419",
      doi            = "10.1016/S0550-3213(96)00589-5",
      note           = "[Erratum: Nucl. Phys. {\bf B510} (1998) 503]",
      eprint         = "hep-ph/9605323",
      archivePrefix  = "arXiv",
      primaryClass   = "hep-ph",
      reportNumber   = "CERN-TH-96-029, CERN-TH-96-29",
      SLACcitation   = "%%CITATION = HEP-PH/9605323;%%"
}

@article{Alwall:2014hca,
      author         = "Alwall, J. and others",
      title          = "{The automated computation of tree-level and
                        next-to-leading order differential cross sections, and
                        their matching to parton shower simulations}",
      journal        = "JHEP",
      volume         = "07",
      year           = "2014",
      pages          = "079",
      doi            = "10.1007/JHEP07(2014)079",
      eprint         = "1405.0301",
      archivePrefix  = "arXiv",
      primaryClass   = "hep-ph",
      reportNumber   = "CERN-PH-TH-2014-064, CP3-14-18, LPN14-066, MCNET-14-09,
                        ZU-TH-14-14",
      SLACcitation   = "%%CITATION = ARXIV:1405.0301;%%"
}

@article{Dittmaier:2015bfe,
      author         = "Dittmaier, Stefan and Schwan, Christopher",
      title          = "{Non-factorizable photonic corrections to resonant
                        production and decay of many unstable particles}",
      journal        = "Eur. Phys. J.",
      volume         = "C76",
      year           = "2016",
      number         = "3",
      pages          = "144",
      doi            = "10.1140/epjc/s10052-016-3968-1",
      eprint         = "1511.01698",
      archivePrefix  = "arXiv",
      primaryClass   = "hep-ph",
      reportNumber   = "FR-PHENO-2015-008",
      SLACcitation   = "%%CITATION = ARXIV:1511.01698;%%"
}

@article{Melia:2011dw,
      author         = "Melia, Tom and Melnikov, Kirill and R{\"o}ntsch, Raoul and
                        Zanderighi, Giulia",
      title          = "{NLO QCD corrections for $W^+W^-$ pair production in
                        association with two jets at hadron colliders}",
      journal        = "Phys. Rev.",
      volume         = "D83",
      year           = "2011",
      pages          = "114043",
      doi            = "10.1103/PhysRevD.83.114043",
      eprint         = "1104.2327",
      archivePrefix  = "arXiv",
      primaryClass   = "hep-ph",
      SLACcitation   = "%%CITATION = ARXIV:1104.2327;%%"
}


@article{Melia:2011gk,
      author         = "Melia, Tom and Nason, Paolo and R{\"o}ntsch, Raoul and
                        Zanderighi, Giulia",
      title          = "{$W^+W^+$ plus dijet production in the POWHEGBOX}",
      journal        = "Eur. Phys. J.",
      volume         = "C71",
      year           = "2011",
      pages          = "1670",
      doi            = "10.1140/epjc/s10052-011-1670-x",
      eprint         = "1102.4846",
      archivePrefix  = "arXiv",
      primaryClass   = "hep-ph",
      SLACcitation   = "%%CITATION = ARXIV:1102.4846;%%"
}

@article{Melia:2010bm,
      author         = "Melia, Tom and Melnikov, Kirill and R{\"o}ntsch, Raoul and
                        Zanderighi, Giulia",
      title          = "{Next-to-leading order QCD predictions for $W^+W^+jj$
                        production at the LHC}",
      journal        = "JHEP",
      volume         = "12",
      year           = "2010",
      pages          = "053",
      doi            = "10.1007/JHEP12(2010)053",
      eprint         = "1007.5313",
      archivePrefix  = "arXiv",
      primaryClass   = "hep-ph",
      SLACcitation   = "%%CITATION = ARXIV:1007.5313;%%"
}

@article{Denner:2012dz,
      author         = "Denner, A. and Ho\v{s}ekov\'a, L. and Kallweit, S.",
      title          = "{NLO QCD corrections to $W^+ W^+ jj$ production in
                        vector-boson fusion at the LHC}",
      journal        = "Phys. Rev.",
      volume         = "D86",
      year           = "2012",
      pages          = "114014",
      doi            = "10.1103/PhysRevD.86.114014",
      eprint         = "1209.2389",
      archivePrefix  = "arXiv",
      primaryClass   = "hep-ph",
      reportNumber   = "LPN12-093, ZU-TH-19-12",
      SLACcitation   = "%%CITATION = ARXIV:1209.2389;%%"
}

@article{Baglio:2014uba,
      author         = "Baglio, J. and others",
      title          = "{Release Note - VBFNLO 2.7.0}",
      year           = "2014",
      eprint         = "1404.3940",
      archivePrefix  = "arXiv",
      primaryClass   = "hep-ph",
      reportNumber   = "FTUV-14-2903, IFIC-14-26, KA-TP-10-2014, LPN14-062,
                        MAN-HEP-2014-03",
      SLACcitation   = "%%CITATION = ARXIV:1404.3940;%%"
}

@article{Denner:2000jv,
      author         = "Denner, Ansgar and Pozzorini, Stefano",
      title          = "{One loop leading logarithms in electroweak radiative
                        corrections. 1. Results}",
      journal        = "Eur. Phys. J.",
      volume         = "C18",
      year           = "2001",
      pages          = "461-480",
      doi            = "10.1007/s100520100551",
      eprint         = "hep-ph/0010201",
      archivePrefix  = "arXiv",
      primaryClass   = "hep-ph",
      reportNumber   = "PSI-PR-00-15, ZU-TH-17-00",
      SLACcitation   = "%%CITATION = HEP-PH/0010201;%%"
}

@article{Ciafaloni:1998xg,
      author         = "Ciafaloni, P. and Comelli, D.",
      title          = "{Sudakov enhancement of electroweak corrections}",
      journal        = "Phys. Lett.",
      volume         = "B446",
      year           = "1999",
      pages          = "278-284",
      doi            = "10.1016/S0370-2693(98)01541-X",
      eprint         = "hep-ph/9809321",
      archivePrefix  = "arXiv",
      primaryClass   = "hep-ph",
      reportNumber   = "INFN-FE-09-98",
      SLACcitation   = "%%CITATION = HEP-PH/9809321;%%"
}

@article{Ciafaloni:2001vt,
      author         = "Ciafaloni, Marcello and Ciafaloni, Paolo and Comelli,
                        Denis",
      title          = "{Bloch-Nordsieck violation in spontaneously broken
                        Abelian theories}",
      journal        = "Phys. Rev. Lett.",
      volume         = "87",
      year           = "2001",
      pages          = "211802",
      doi            = "10.1103/PhysRevLett.87.211802",
      eprint         = "hep-ph/0103315",
      archivePrefix  = "arXiv",
      primaryClass   = "hep-ph",
      SLACcitation   = "%%CITATION = HEP-PH/0103315;%%"
}

@article{Green:2016trm,
      author         = "Green, Daniel R. and Meade, Patrick and Pleier,
                        Marc-Andre",
      title          = "{Multiboson interactions at the LHC}",
      journal        = "Rev. Mod. Phys.",
      volume         = "89",
      year           = "2017",
      number         = "3",
      pages          = "035008",
      doi            = "10.1103/RevModPhys.89.035008",
      eprint         = "1610.07572",
      archivePrefix  = "arXiv",
      primaryClass   = "hep-ex",
      SLACcitation   = "%%CITATION = ARXIV:1610.07572;%%"
}

@article{Aaboud:2016uuk,
      author         = "Aaboud, Morad and others",
      title          = "{Search for anomalous electroweak production of $WW/WZ$
                        in association with a high-mass dijet system in $pp$
                        collisions at $\sqrt{s}=8$ TeV with the ATLAS detector}",
      collaboration  = "ATLAS",
      year           = "2016",
      eprint         = "1609.05122",
      archivePrefix  = "arXiv",
      primaryClass   = "hep-ex",
      reportNumber   = "CERN-EP-2016-171",
      SLACcitation   = "%%CITATION = ARXIV:1609.05122;%%"
}

@article{Diener:2005me,
      author         = "Diener, K. -P. O. and Dittmaier, S. and Hollik, W.",
      title          = "{Electroweak higher-order effects and theoretical
                        uncertainties in deep-inelastic neutrino scattering}",
      journal        = "Phys. Rev.",
      volume         = "D72",
      year           = "2005",
      pages          = "093002",
      doi            = "10.1103/PhysRevD.72.093002",
      eprint         = "hep-ph/0509084",
      archivePrefix  = "arXiv",
      primaryClass   = "hep-ph",
      reportNumber   = "MPP-2005-28",
      SLACcitation   = "%%CITATION = HEP-PH/0509084;%%"
}

@article{Rauch:2016pai,
      author         = "Rauch, Michael",
      title          = "{Vector-Boson Fusion and Vector-Boson Scattering}",
      year           = "2016",
      eprint         = "1610.08420",
      archivePrefix  = "arXiv",
      primaryClass   = "hep-ph",
      reportNumber   = "KA-TP-35-2016",
      SLACcitation   = "%%CITATION = ARXIV:1610.08420;%%"
}

@article{Jager:2011ms,
      author         = "J{\"a}ger, Barbara and Zanderighi, Giulia",
      title          = "{NLO corrections to electroweak and QCD production of
                        $W^+W^+$ plus two jets in the POWHEGBOX}",
      journal        = "JHEP",
      volume         = "11",
      year           = "2011",
      pages          = "055",
      doi            = "10.1007/JHEP11(2011)055",
      eprint         = "1108.0864",
      archivePrefix  = "arXiv",
      primaryClass   = "hep-ph",
      reportNumber   = "MZ-TH-11-20, OUTP-11-45P",
      SLACcitation   = "%%CITATION = ARXIV:1108.0864;%%"
}

@article{Jager:2009xx,
      author         = "J{\"a}ger, B. and Oleari, C. and Zeppenfeld, D.",
      title          = "{Next-to-leading order QCD corrections to $W^+ W^+ jj$ and $W^-
                        W^- jj$ production via weak-boson fusion}",
      journal        = "Phys. Rev.",
      volume         = "D80",
      year           = "2009",
      pages          = "034022",
      doi            = "10.1103/PhysRevD.80.034022",
      eprint         = "0907.0580",
      archivePrefix  = "arXiv",
      primaryClass   = "hep-ph",
      reportNumber   = "KA-TP-09-2009",
      SLACcitation   = "%%CITATION = ARXIV:0907.0580;%%"
}

@article{Kuss:1995yv,
      author         = "Kuss, I. and Spiesberger, H.",
      title          = "{Luminosities for vector boson - vector boson scattering
                        at high-energy colliders}",
      journal        = "Phys. Rev.",
      volume         = "D53",
      year           = "1996",
      pages          = "6078-6093",
      doi            = "10.1103/PhysRevD.53.6078",
      eprint         = "hep-ph/9507204",
      archivePrefix  = "arXiv",
      primaryClass   = "hep-ph",
      reportNumber   = "BI-TP-95-25",
      SLACcitation   = "%%CITATION = HEP-PH/9507204;%%"
}

@article{Accomando:2006hq,
      author         = "Accomando, E. and Denner, Ansgar and Pozzorini, S.",
      title          = "{Logarithmic electroweak corrections to $e^+ e^-\to\nu_e
                        \bar{\nu}_e W^+ W^-$}",
      journal        = "JHEP",
      volume         = "03",
      year           = "2007",
      pages          = "078",
      doi            = "10.1088/1126-6708/2007/03/078",
      eprint         = "hep-ph/0611289",
      archivePrefix  = "arXiv",
      primaryClass   = "hep-ph",
      reportNumber   = "DFTT-19-2006, MPP-2006-147, PSI-PR-06-12",
      SLACcitation   = "%%CITATION = HEP-PH/0611289;%%"
}

@article{Campanario:2013gea,
      author         = "Campanario, Francisco and Kerner, Matthias and Ninh, Le
                        Duc and Zeppenfeld, Dieter",
      title          = "{Next-to-leading order QCD corrections to $W^+W^+$ and
                        $W^-W^-$ production in association with two jets}",
      journal        = "Phys. Rev.",
      volume         = "D89",
      year           = "2014",
      number         = "5",
      pages          = "054009",
      doi            = "10.1103/PhysRevD.89.054009",
      eprint         = "1311.6738",
      archivePrefix  = "arXiv",
      primaryClass   = "hep-ph",
      reportNumber   = "FTUV-13-2211, IFC-13-89, KA-TP-39-2013, LPN13-096,
                        SFB-CPP-13-106",
      SLACcitation   = "%%CITATION = ARXIV:1311.6738;%%"
}

@article{Denner:1997kq,
      author         = "Denner, Ansgar and Hahn, T.",
      title          = "{Radiative corrections to $W^+ W^-\to W^+ W^-$ in the
                        electroweak standard model}",
      journal        = "Nucl. Phys.",
      volume         = "B525",
      year           = "1998",
      pages          = "27-50",
      doi            = "10.1016/S0550-3213(98)00287-9",
      eprint         = "hep-ph/9711302",
      archivePrefix  = "arXiv",
      primaryClass   = "hep-ph",
      reportNumber   = "PSI-PR-97-31, KA-TP-16-1997",
      SLACcitation   = "%%CITATION = HEP-PH/9711302;%%"
}

@article{Biedermann:2016yds,
      author         = "Biedermann, Benedikt and Denner, Ansgar and Pellen,
                        Mathieu",
      title          = "{Large electroweak corrections to vector-boson scattering
                        at the Large Hadron Collider}",
      journal        = "Phys. Rev. Lett.",
      volume         = "118",
      year           = "2017",
      number         = "26",
      pages          = "261801",
      doi            = "10.1103/PhysRevLett.118.261801",
      eprint         = "1611.02951",
      archivePrefix  = "arXiv",
      primaryClass   = "hep-ph",
      SLACcitation   = "%%CITATION = ARXIV:1611.02951;%%"
}

@article{Biedermann:2016lvg,
      author         = "Biedermann, Benedikt and Denner, Ansgar and Dittmaier,
                        Stefan and Hofer, Lars and J{\"a}ger, Barbara",
      title          = "{Next-to-leading-order electroweak corrections to the
                        production of four charged leptons at the LHC}",
      journal        = "JHEP",
      volume         = "01",
      year           = "2017",
      pages          = "033",
      doi            = "10.1007/JHEP01(2017)033",
      eprint         = "1611.05338",
      archivePrefix  = "arXiv",
      primaryClass   = "hep-ph",
      reportNumber   = "FR-PHENO-2016-013, ICCUB-16-036",
      SLACcitation   = "%%CITATION = ARXIV:1611.05338;%%"
}

@article{Beenakker:1988jr,
      author         = "Beenakker, W. and Denner, Ansgar",
      title          = "{Infrared divergent scalar box integrals with
                        applications in the electroweak standard model}",
      journal        = "Nucl. Phys.",
      volume         = "B338",
      year           = "1990",
      pages          = "349-370",
      doi            = "10.1016/0550-3213(90)90636-R",
      reportNumber   = "Print-89-0200 (LEIDEN)",
      SLACcitation   = "%%CITATION = NUPHA,B338,349;%%"
}

@article{Dittmaier:2003bc,
      author         = "Dittmaier, Stefan",
      title          = "{Separation of soft and collinear singularities from one
                        loop N point integrals}",
      journal        = "Nucl. Phys.",
      volume         = "B675",
      year           = "2003",
      pages          = "447-466",
      doi            = "10.1016/j.nuclphysb.2003.10.003",
      eprint         = "hep-ph/0308246",
      archivePrefix  = "arXiv",
      primaryClass   = "hep-ph",
      reportNumber   = "MPP-2003-61",
      SLACcitation   = "%%CITATION = HEP-PH/0308246;%%"
}

@article{tHooft:1978jhc,
      author         = "'t Hooft, Gerard and Veltman, M. J. G.",
      title          = "{Scalar one-loop integrals}",
      journal        = "Nucl. Phys.",
      volume         = "B153",
      year           = "1979",
      pages          = "365-401",
      doi            = "10.1016/0550-3213(79)90605-9",
      reportNumber   = "PRINT-79-0134 (UTRECHT)",
      SLACcitation   = "%%CITATION = NUPHA,B153,365;%%"
}

@article{Passarino:1978jh,
      author         = "Passarino, G. and Veltman, M. J. G.",
      title          = "{One-loop corrections for $e^+ e^-$ annihilation into $\mu^+ \mu^-$
                        in the Weinberg model}",
      journal        = "Nucl. Phys.",
      volume         = "B160",
      year           = "1979",
      pages          = "151-207",
      doi            = "10.1016/0550-3213(79)90234-7",
      reportNumber   = "Print-79-0284 (UTRECHT)",
      SLACcitation   = "%%CITATION = NUPHA,B160,151;%%"
}

@article{Andersen:2014efa,
      author         = "Andersen, J. R. and others",
      title          = "{Les Houches 2013: Physics at TeV Colliders: Standard
                        Model Working Group Report}",
      year           = "2014",
      eprint         = "1405.1067",
      archivePrefix  = "arXiv",
      primaryClass   = "hep-ph",
      SLACcitation   = "%%CITATION = ARXIV:1405.1067;%%"
}

@article{Buckley:2014ana,
      author         = "Buckley, Andy and Ferrando, James and Lloyd, Stephen and
                        Nordstr{\"o}m, Karl and Page, Ben and R{\"u}fenacht, Martin and
                        Sch{\"o}nherr, Marek and Watt, Graeme",
      title          = "{LHAPDF6: parton density access in the LHC precision
                        era}",
      journal        = "Eur. Phys. J.",
      volume         = "C75",
      year           = "2015",
      pages          = "132",
      doi            = "10.1140/epjc/s10052-015-3318-8",
      eprint         = "1412.7420",
      archivePrefix  = "arXiv",
      primaryClass   = "hep-ph",
      reportNumber   = "GLAS-PPE-2014-05, MCNET-14-29, IPPP-14-111, DCPT-14-222",
      SLACcitation   = "%%CITATION = ARXIV:1412.7420;%%"
}

@article{Heinemeyer:2013tqa,
      author         = "Andersen, J R and others",
      editor         = "Heinemeyer, S and Mariotti, C and Passarino, G and
                        Tanaka, R",
      title          = "{Handbook of LHC Higgs Cross Sections: 3. Higgs
                        Properties}",
      collaboration  = "LHC Higgs Cross Section Working Group",
      doi            = "10.5170/CERN-2013-004",
      year           = "2013",
      eprint         = "1307.1347",
      archivePrefix  = "arXiv",
      primaryClass   = "hep-ph",
      reportNumber   = "CERN-2013-004, FERMILAB-CONF-13-667-T",
      SLACcitation   = "%%CITATION = ARXIV:1307.1347;%%"
}

@article{Bardin:1988xt,
      author         = "Bardin, D. {\relax Yu}. and Leike, A. and Riemann, T. and
                        Sachwitz, M.",
      title          = "{Energy-dependent width effects in ${e}^+ {e}^-$-annihilation
                        near the Z-boson pole}",
      journal        = "Phys. Lett.",
      volume         = "B206",
      year           = "1988",
      pages          = "539-542",
      doi            = "10.1016/0370-2693(88)91625-5",
      reportNumber   = "PHE-88-03",
      SLACcitation   = "%%CITATION = PHLTA,B206,539;%%"
}

@article{Denner:2000bj,
      author         = "Denner, Ansgar and Dittmaier, S. and Roth, M. and
                        Wackeroth, D.",
      title          = "{Electroweak radiative corrections to ${e}^+ {e}^- \to {W W} \to$
                        4 fermions in double-pole approximation: The RACOONWW
                        approach}",
      journal        = "Nucl. Phys.",
      volume         = "B587",
      year           = "2000",
      pages          = "67-117",
      doi            = "10.1016/S0550-3213(00)00511-3",
      eprint         = "hep-ph/0006307",
      archivePrefix  = "arXiv",
      primaryClass   = "hep-ph",
      reportNumber   = "BI-TP-2000-06, LU-ITP-2000-003, PSI-PR-00-11, UR-1604",
      SLACcitation   = "%%CITATION = HEP-PH/0006307;%%"
}

@article{Agashe:2014kda,
      author         = "Olive, K. A. and others",
      title          = "{Review of Particle Physics}",
      collaboration  = "Particle Data Group",
      journal        = "Chin. Phys.",
      volume         = "C38",
      year           = "2014",
      pages          = "090001",
      doi            = "10.1088/1674-1137/38/9/090001",
      SLACcitation   = "%%CITATION = CHPHD,C38,090001;%%"
}

@article{Jager:2017owh,
      author         = "J{\"a}ger, B. and Salfelder, L. and Worek, M. and Zeppenfeld,
                        D.",
      title          = "{Physics Opportunities for Vector-Boson Scattering at a
                        Future 100 TeV Hadron Collider}",
      year           = "2017",
      eprint         = "1704.04911",
      archivePrefix  = "arXiv",
      primaryClass   = "hep-ph",
      SLACcitation   = "%%CITATION = ARXIV:1704.04911;%%"
}

@article{Cacciari:2015jma,
      author         = "Cacciari, Matteo and Dreyer, Frédéric A. and Karlberg,
                        Alexander and Salam, Gavin P. and Zanderighi, Giulia",
      title          = "{Fully differential Vector-Boson-Fusion Higgs production
                        at Next-to-Next-to-Leading Order}",
      journal        = "Phys. Rev. Lett.",
      volume         = "115",
      year           = "2015",
      number         = "8",
      pages          = "082002",
      doi            = "10.1103/PhysRevLett.115.082002",
      eprint         = "1506.02660",
      archivePrefix  = "arXiv",
      primaryClass   = "hep-ph",
      reportNumber   = "CERN-PH-TH-2015-127, OUTP-15-12P",
      SLACcitation   = "%%CITATION = ARXIV:1506.02660;%%"
}

@article{Figy:2003nv,
      author         = "Figy, T. and Oleari, C. and Zeppenfeld, D.",
      title          = "{Next-to-leading order jet distributions for Higgs boson
                        production via weak boson fusion}",
      journal        = "Phys. Rev.",
      volume         = "D68",
      year           = "2003",
      pages          = "073005",
      doi            = "10.1103/PhysRevD.68.073005",
      eprint         = "hep-ph/0306109",
      archivePrefix  = "arXiv",
      primaryClass   = "hep-ph",
      reportNumber   = "DCPT-03-54, IPPP-03-27, MADPH-03-1330",
      SLACcitation   = "%%CITATION = HEP-PH/0306109;%%"
}

@article{Rauch:2017cfu,
      author         = "Rauch, Michael and Zeppenfeld, Dieter",
      title          = "{Jet clustering dependence of Higgs boson production in
                        vector-boson fusion}",
      journal        = "Phys. Rev.",
      volume         = "D95",
      year           = "2017",
      number         = "11",
      pages          = "114015",
      doi            = "10.1103/PhysRevD.95.114015",
      eprint         = "1703.05676",
      archivePrefix  = "arXiv",
      primaryClass   = "hep-ph",
      reportNumber   = "KA-TP-08-2017",
      SLACcitation   = "%%CITATION = ARXIV:1703.05676;%%"
}

@article{Hirschi:2011pa,
      author         = "Hirschi, Valentin and Frederix, Rikkert and Frixione,
                        Stefano and Garzelli, Maria Vittoria and Maltoni, Fabio
                        and Pittau, Roberto",
      title          = "{Automation of one-loop QCD corrections}",
      journal        = "JHEP",
      volume         = "05",
      year           = "2011",
      pages          = "044",
      doi            = "10.1007/JHEP05(2011)044",
      eprint         = "1103.0621",
      archivePrefix  = "arXiv",
      primaryClass   = "hep-ph",
      reportNumber   = "CERN-PH-TH-2011-031, CP3-11-07, ZU-TH-01-11",
      SLACcitation   = "%%CITATION = ARXIV:1103.0621;%%"
}

@article{Ballestrero:2007xq,
      author         = "Ballestrero, Alessandro and Belhouari, Aissa and
                        Bevilacqua, Giuseppe and Kashkan, Vladimir and Maina,
                        Ezio",
      title          = "{PHANTOM: A Monte Carlo event generator for six parton
                        final states at high energy colliders}",
      journal        = "Comput. Phys. Commun.",
      volume         = "180",
      year           = "2009",
      pages          = "401-417",
      doi            = "10.1016/j.cpc.2008.10.005",
      eprint         = "0801.3359",
      archivePrefix  = "arXiv",
      primaryClass   = "hep-ph",
      reportNumber   = "DFTT-13-2007",
      SLACcitation   = "%%CITATION = ARXIV:0801.3359;%%"
}


@inproceedings{Ballestrero:1999md,
      author         = "Ballestrero, Alessandro",
      title          = "{PHACT: Helicity amplitudes for present and future
                        colliders}",
      booktitle      = "{High energy physics and quantum field theory.
                        Proceedings, 14th International Workshop, QFTHEP'99,
                        Moscow, Russia, May 27-June 2, 1999}",
      year           = "1999",
      pages          = "303-309",
      eprint         = "hep-ph/9911318",
      archivePrefix  = "arXiv",
      primaryClass   = "hep-ph",
      reportNumber   = "DFTT-61-99",
      SLACcitation   = "%%CITATION = HEP-PH/9911318;%%"
}

@article{Ballestrero:1994jn,
      author         = "Ballestrero, Alessandro and Maina, Ezio",
      title          = "{A New method for helicity calculations}",
      journal        = "Phys. Lett.",
      volume         = "B350",
      year           = "1995",
      pages          = "225-233",
      doi            = "10.1016/0370-2693(95)00351-K",
      eprint         = "hep-ph/9403244",
      archivePrefix  = "arXiv",
      primaryClass   = "hep-ph",
      reportNumber   = "DFTT-76-93",
      SLACcitation   = "%%CITATION = HEP-PH/9403244;%%"
}

@article{Lepage:1977sw,
      author         = "Lepage, G. Peter",
      title          = "{A New Algorithm for Adaptive Multidimensional
                        Integration}",
      journal        = "J. Comput. Phys.",
      volume         = "27",
      year           = "1978",
      pages          = "192",
      doi            = "10.1016/0021-9991(78)90004-9",
      reportNumber   = "SLAC-PUB-1839-REV, SLAC-PUB-1839",
      SLACcitation   = "%%CITATION = JCTPA,27,192;%%"
}

@article{Berends:1984gf,
      author         = "Berends, Frits A. and Daverveldt, P. H. and Kleiss, R.",
      title          = "{Complete Lowest Order Calculations for Four Lepton Final
                        States in electron-Positron Collisions}",
      journal        = "Nucl. Phys.",
      volume         = "B253",
      year           = "1985",
      pages          = "441-463",
      doi            = "10.1016/0550-3213(85)90541-3",
      reportNumber   = "Print-84-1007 (LEIDEN)",
      SLACcitation   = "%%CITATION = NUPHA,B253,441;%%"
}

@article{Denner:2006ic,
      author         = "Denner, Ansgar and Dittmaier, S.",
      title          = "{The Complex-mass scheme for perturbative calculations
                        with unstable particles}",
      booktitle      = "{Proceedings, 8th DESY Workshop on Elementary Particle
                        Theory: Loops and Legs in Quantum Field Theory: Eisenach,
                        Germany, 23-28 April 2006}",
      journal        = "Nucl. Phys. Proc. Suppl.",
      volume         = "160",
      year           = "2006",
      pages          = "22-26",
      doi            = "10.1016/j.nuclphysbps.2006.09.025",
      note           = "[,22(2006)]",
      eprint         = "hep-ph/0605312",
      archivePrefix  = "arXiv",
      primaryClass   = "hep-ph",
      reportNumber   = "MPP-2006-67, PSI-PR-06-08",
      SLACcitation   = "%%CITATION = HEP-PH/0605312;%%"
}

@article{Sirunyan:2017ret,
      author         = "Sirunyan, Albert M and others",
      title          = "{Observation of electroweak production of same-sign W
                        boson pairs in the two jet and two same-sign lepton final
                        state in proton-proton collisions at $\sqrt{s} = $ 13
                        TeV}",
      collaboration  = "CMS",
      year           = "2017",
      eprint         = "1709.05822",
      archivePrefix  = "arXiv",
      primaryClass   = "hep-ex",
      reportNumber   = "CMS-SMP-17-004, CERN-EP-2017-232",
      SLACcitation   = "%%CITATION = ARXIV:1709.05822;%%"
}

@article{Jager:2006zc,
      author         = "Jager, Barbara and Oleari, Carlo and Zeppenfeld, Dieter",
      title          = "{Next-to-leading order QCD corrections to W+W- production
                        via vector-boson fusion}",
      journal        = "JHEP",
      volume         = "07",
      year           = "2006",
      pages          = "015",
      doi            = "10.1088/1126-6708/2006/07/015",
      eprint         = "hep-ph/0603177",
      archivePrefix  = "arXiv",
      primaryClass   = "hep-ph",
      reportNumber   = "BICOCCA-FT-06-4, KA-TP-03-2006, SFB-CPP-06-10",
      SLACcitation   = "%%CITATION = HEP-PH/0603177;%%"
}

@article{Jager:2006cp,
      author         = "Jager, Barbara and Oleari, Carlo and Zeppenfeld, Dieter",
      title          = "{Next-to-leading order QCD corrections to Z boson pair
                        production via vector-boson fusion}",
      journal        = "Phys. Rev.",
      volume         = "D73",
      year           = "2006",
      pages          = "113006",
      doi            = "10.1103/PhysRevD.73.113006",
      eprint         = "hep-ph/0604200",
      archivePrefix  = "arXiv",
      primaryClass   = "hep-ph",
      reportNumber   = "BICOCCA-FT-06-7, KA-TP-04-2006, SFB-CPP-06-20",
      SLACcitation   = "%%CITATION = HEP-PH/0604200;%%"
}

@article{Bozzi:2007ur,
      author         = "Bozzi, Giuseppe and Jager, Barbara and Oleari, Carlo and
                        Zeppenfeld, Dieter",
      title          = "{Next-to-leading order QCD corrections to W+ Z and W- Z
                        production via vector-boson fusion}",
      journal        = "Phys. Rev.",
      volume         = "D75",
      year           = "2007",
      pages          = "073004",
      doi            = "10.1103/PhysRevD.75.073004",
      eprint         = "hep-ph/0701105",
      archivePrefix  = "arXiv",
      primaryClass   = "hep-ph",
      reportNumber   = "BICOCCA-FT-07-1, KA-TP-01-2007, SFB-CPP-07-02",
      SLACcitation   = "%%CITATION = HEP-PH/0701105;%%"
}

@article{Rauch:2016upa,
      author         = "Rauch, Michael and Plätzer, Simon",
      title          = "{Parton Shower Matching Systematics in
                        Vector-Boson-Fusion WW Production}",
      journal        = "Eur. Phys. J.",
      volume         = "C77",
      year           = "2017",
      number         = "5",
      pages          = "293",
      doi            = "10.1140/epjc/s10052-017-4860-3",
      eprint         = "1605.07851",
      archivePrefix  = "arXiv",
      primaryClass   = "hep-ph",
      reportNumber   = "MAN-HEP-2016-08, HERWIG-2016-04, KA-TP-16-2016,
                        MCNET-16-14, IPPP-16-49, --IPPP-16-49",
      SLACcitation   = "%%CITATION = ARXIV:1605.07851;%%"
}

@article{Bellm:2015jjp,
      author         = "Bellm, Johannes and others",
      title          = "{Herwig 7.0/Herwig++ 3.0 release note}",
      journal        = "Eur. Phys. J.",
      volume         = "C76",
      year           = "2016",
      number         = "4",
      pages          = "196",
      doi            = "10.1140/epjc/s10052-016-4018-8",
      eprint         = "1512.01178",
      archivePrefix  = "arXiv",
      primaryClass   = "hep-ph",
      reportNumber   = "CERN-PH-TH-2015-289, MAN-HEP-2015-15, IFJPAN-IV-2015-13,
                        HERWIG-2015-01, KA-TP-18-2015, DCPT-15-142, MCNET-15-28,
                        IPPP-15-71, --HERWIG-2015-01",
      SLACcitation   = "%%CITATION = ARXIV:1512.01178;%%"
}

@article{Platzer:2011bc,
      author         = "Platzer, Simon and Gieseke, Stefan",
      title          = "{Dipole Showers and Automated NLO Matching in Herwig++}",
      journal        = "Eur. Phys. J.",
      volume         = "C72",
      year           = "2012",
      pages          = "2187",
      doi            = "10.1140/epjc/s10052-012-2187-7",
      eprint         = "1109.6256",
      archivePrefix  = "arXiv",
      primaryClass   = "hep-ph",
      reportNumber   = "DESY-11-162, KA-TP-24-2011, HERWIG-11-01, MCNET-11-24",
      SLACcitation   = "%%CITATION = ARXIV:1109.6256;%%"
}

@article{Bellm:2017bvx,
      author         = "Bellm, Johannes and others",
      title          = "{Herwig 7.1 Release Note}",
      year           = "2017",
      eprint         = "1705.06919",
      archivePrefix  = "arXiv",
      primaryClass   = "hep-ph",
      reportNumber   = "CERN-PH-TH-2017-109, MAN-HEP-2017-08, UWTHPH-2017-10,
                        IFJPAN-IV-2017-7, NIKHEF-2017-026, HERWIG-2017-02,
                        KA-TP-19-2017, MCNET-17-08, IPPP-17-40",
      SLACcitation   = "%%CITATION = ARXIV:1705.06919;%%"
}

@article{Binoth:2010xt,
      author         = "Binoth, T. and others",
      title          = "{A Proposal for a standard interface between Monte Carlo
                        tools and one-loop programs}",
      booktitle      = "{Physics at TeV colliders. Proceedings, 6th Workshop,
                        dedicated to Thomas Binoth, Les Houches, France, June
                        8-26, 2009}",
      journal        = "Comput. Phys. Commun.",
      volume         = "181",
      year           = "2010",
      pages          = "1612-1622",
      doi            = "10.1016/j.cpc.2010.05.016",
      note           = "[,1(2010)]",
      eprint         = "1001.1307",
      archivePrefix  = "arXiv",
      primaryClass   = "hep-ph",
      reportNumber   = "SLAC-PUB-14723, FERMILAB-PUB-10-029-T, LAPTH-003-10",
      SLACcitation   = "%%CITATION = ARXIV:1001.1307;%%"
}

@article{Alioli:2013nda,
      author         = "Alioli, S. and others",
      title          = "{Update of the Binoth Les Houches Accord for a standard
                        interface between Monte Carlo tools and one-loop
                        programs}",
      journal        = "Comput. Phys. Commun.",
      volume         = "185",
      year           = "2014",
      pages          = "560-571",
      doi            = "10.1016/j.cpc.2013.10.020",
      eprint         = "1308.3462",
      archivePrefix  = "arXiv",
      primaryClass   = "hep-ph",
      reportNumber   = "MPP-2013-237",
      SLACcitation   = "%%CITATION = ARXIV:1308.3462;%%"
}

